<?xml version="1.0" encoding="UTF-8"?><collection xmlns="http://www.loc.gov/MARC21/slim"><record><leader>00403nam--2200145-i-4500</leader><controlfield tag="001">000024157</controlfield><controlfield tag="002">20161230</controlfield><controlfield tag="005">20161230201035</controlfield><controlfield tag="008">060222s1000------------r-----000-0-eng-d</controlfield><datafield ind1=" " ind2=" " tag="080"><subfield code="a">517.957</subfield></datafield><datafield ind1=" " ind2=" " tag="100"><subfield code="a">Haraux, Alain</subfield></datafield><datafield ind1=" " ind2=" " tag="245"><subfield code="a">Nonlinear evolution equations-global behavior of solutions</subfield></datafield><datafield ind1=" " ind2=" " tag="260"><subfield code="a">Berlin, Springer-verlag, 1981.Xii + 311 P</subfield></datafield><datafield ind1=" " ind2=" " tag="490"><subfield code="a">Lecture Notes In Mathematics</subfield></datafield><datafield ind1=" " ind2=" " tag="852"><subfield code="a">70274</subfield></datafield></record></collection>